%% This BibTeX bibliography file was created using BibDesk.
%% http://bibdesk.sourceforge.net/

%% Created for dronel at 2016-07-06 16:24:56 +0200 

%% Saved with string encoding Unicode (UTF-8) 
%%%%%%%%%%%%%%%%%%%%%%%%%%%%%%%%%%%%%%%%%%%%%%%%%%%%%%
%%%%%%%%%%%%%%%%%%%%%     BOOKS     %%%%%%%%%%%%%%%%%%%%%%%%%%
%%%%%%%%%%%%%%%%%%%%%%%%%%%%%%%%%%%%%%%%%%%%%%%%%%%%%%


@book{ducard2009fault,
  title={Fault-tolerant flight control and guidance systems: Practical methods for small unmanned aerial vehicles},
  author={Ducard, Guillaume JJ},
  year={2009},
  publisher={Springer Science \& Business Media}
}

%fault tolerance for uav
@book{angelov2012sense,
  title={Sense and avoid in UAS: research and applications},
  author={Angelov, Plamen},
  year={2012},
  publisher={John Wiley \& Sons}
}


%%%%%%%%%%%%%%%%%%%%%%%%%%%%%%%%%%%%%%%%%%%%%%%%%%%%%%
%%%%%%%%%%%%%%%%%%%     PUBLICATIONS     %%%%%%%%%%%%%%%%%%%%%%%%
%%%%%%%%%%%%%%%%%%%%%%%%%%%%%%%%%%%%%%%%%%%%%%%%%%%%%%

%NASA UTM 
@inproceedings{kopardekarunmanned,
   title={Unmanned Aircraft System Traffic Management (UTM) Concept of Operations},
   author={Kopardekar, Parimal and Rios, Joseph and Prevot, Thomas and Johnson, Marcus and Jung, Jaewoo and III, John E Robinson},
  booktitle={16th AIAA Aviation Technology, Integration, and Operations Conference},  
  year={2016},
 organization={AIAA Aviation}
}

%DASC elgiz
@inproceedings{baskaya2016flexible,
  title={Flexible Open Architecture for UASs Integration into the Airspace: Paparazzi Autopilot System},
  author={Baskaya, Elgiz and Manfredi, Guido and Bronz, Murat and Delahaye, Daniel},
  booktitle={IEEE/AIAA 35th Digital Avionics Systems Conference (DASC)},  
  year={2016},
 organization={IEEE}
}
%what is fault tolerant control
@inproceedings{blanke2000fault,
  title={What is fault-tolerant control},
  author={Blanke, Mogens and Frei, Christian W and Kraus, Franta and Patton, Ron J and Staroswiecki, Marcel},
  booktitle={Preprints of 4th IFAC Symposium on Fault Detection Supervision ans Safety for Technical Processes, SAFEPROCESS},
  pages={40--51},
  year={2000}
}

@article{goupil2015overview,
  title={An overview of the FP7 RECONFIGURE project: industrial, scientific and technological objectives},
  author={Goupil, Philippe and Boada-Bauxell, Josep and Marcos, Andres and Rosa, Paulo and Kerr, Murray and Dalbies, Laurent},
  journal={IFAC-PapersOnLine},
  volume={48},
  number={21},
  pages={976--981},
  year={2015},
  publisher={Elsevier}
}

%bibliographicalReviewReconfigurableFTCS
@article{zhang2008bibliographical,
  title={Bibliographical review on reconfigurable fault-tolerant control systems},
  author={Zhang, Youmin and Jiang, Jin},
  journal={Annual reviews in control},
  volume={32},
  number={2},
  pages={229--252},
  year={2008},
  publisher={Elsevier}
}

%IFACsafeProcessTerminology
@article{isermann1997trends,
  title={Trends in the application of model-based fault detection and diagnosis of technical processes},
  author={Isermann, Rolf and Ball{\'e}, Peter},
  journal={Control engineering practice},
  volume={5},
  number={5},
  pages={709--719},
  year={1997},
  publisher={Elsevier}
}

@article{hajiyev2005sensor,
  title={Sensor and control surface/actuator failure detection and isolation applied to F-16 flight dynamic},
  author={Hajiyev, Chingiz and Caliskan, Fikret},
  journal={Aircraft Engineering and aerospace technology},
  volume={77},
  number={2},
  pages={152--160},
  year={2005},
  publisher={Emerald Group Publishing Limited}
}

@article{melody2001h,
  title={{$H_{\infty}$} parameter identification for inflight detection of aircraft icing: The time-varying case},
  author={Melody, James W and Hillbrand, Thomas and Ba{\c{s}}ar, Tamer and Perkins, William R},
  journal={Control Engineering Practice},
  volume={9},
  number={12},
  pages={1327--1335},
  year={2001},
  publisher={Elsevier}
}

@article{yoon2011experimental,
  title={Experimental evaluation of fault diagnosis in a skew-configured UAV sensor system},
  author={Yoon, Seungho and Kim, Seungkeun and Bae, Jonghee and Kim, Youdan and Kim, Eungtai},
  journal={Control Engineering Practice},
  volume={19},
  number={2},
  pages={158--173},
  year={2011},
  publisher={Elsevier}
}

@article{chow1984analytical,
  title={Analytical redundancy and the design of robust failure detection systems},
  author={Chow, E and Willsky, A},
  journal={IEEE Transactions on Automatic control},
  volume={29},
  number={7},
  pages={603--614},
  year={1984},
  publisher={IEEE}
}

@article{rotstein2006fault,
  title={Fault-detection design for uninhabited aerial vehicles},
  author={Rotstein, Hector and Ingvalson, Ryan and Keviczky, Tamas and Balas, Gary J},
  journal={Journal of guidance, control, and dynamics},
  volume={29},
  number={5},
  pages={1051--1060},
  year={2006}
}

@inproceedings{sharma2007fault,
  title={Fault detection in nonlinear systems with unknown inputs using sliding mode observer},
  author={Sharma, R and Aldeen, M},
  booktitle={2007 American Control Conference},
  pages={432--437},
  year={2007},
  organization={IEEE}
}

@article{dataCentricDiagOffline,
	Author = {John Stutz},
	Date-Added = {2016-07-06 11:46:29 +0000},
	Date-Modified = {2016-07-06 12:21:48 +0000},
	Journal = {IEEE Transactions on Systems, Man and Cybernetics},
	Title = {On Data-centric Diagnosis of Aircraft Systems},
	Year = {2010}
}

@article{gui2002fault,
  title={Fault Diagnosis Technologies Based on Artificial Intelligence for Complex Process},
  author={Gui, Wei-hua and Liu, Xiao-ying},
  journal={Basic Automation},
  volume={4},
  pages={000},
  year={2002}
}

@inproceedings{li2016data,
  title={A data driven fault detection and isolation scheme for UAV flight control system},
  author={Li, Minghu and Li, Gang and Zhong, Maiying},
  booktitle={Control Conference (CCC), 2016 35th Chinese},
  pages={6778--6783},
  year={2016},
  organization={TCCT}
}

%combined - data driven and model based
@article{freeman2013model,
  title={Model-based and data-driven fault detection performance for a small UAV},
  author={Freeman, Paul and Pandita, Rohit and Srivastava, Nisheeth and Balas, Gary J},
  journal={IEEE/ASME Transactions on mechatronics},
  volume={18},
  number={4},
  pages={1300--1309},
  year={2013},
  publisher={IEEE}
}

% to be used
@article{gao2015survey,
  title={A Survey of fault diagnosis and fault-tolerant techniques Part II: Fault diagnosis with knowledge-based and hybrid/active approaches},
  author={Gao, Zhiwei and Cecati, Carlo and Ding, Steven X},
  journal={IEEE Transactions on Industrial Electronics},
  volume={62},
  number={6},
  pages={3768--3774},
  year={2015},
  publisher={IEEE}
}

% Analysis of diagnosis methods
@article{alcala2011analysis,
  title={Analysis and generalization of fault diagnosis methods for process monitoring},
  author={Alcala, Carlos F and Qin, S Joe},
  journal={Journal of Process Control},
  volume={21},
  number={3},
  pages={322--330},
  year={2011},
  publisher={Elsevier}
}

@article{yin2012comparison,
  title={A comparison study of basic data-driven fault diagnosis and process monitoring methods on the benchmark Tennessee Eastman process},
  author={Yin, Shen and Ding, Steven X and Haghani, Adel and Hao, Haiyang and Zhang, Ping},
  journal={Journal of Process Control},
  volume={22},
  number={9},
  pages={1567--1581},
  year={2012},
  publisher={Elsevier}
}

@article{pandita2013closed,
  title={Closed-loop performance metrics for fault detection and isolation filter and controller interaction},
  author={Pandita, Rohit and Bokor, J{\'o}zsef and Balas, Gary},
  journal={International Journal of Robust and Nonlinear Control},
  volume={23},
  number={4},
  pages={419--438},
  year={2013},
  publisher={Wiley Online Library}
}
%%%%%%%%%%%%%%%%%%%%%%%%%%%%%%%%%%%%%%%%%%%%%%%%%%%%%%
%%%%%%%%%%%%%%%%%%%%%%     MISC     %%%%%%%%%%%%%%%%%%%%%%%%%%
%%%%%%%%%%%%%%%%%%%%%%%%%%%%%%%%%%%%%%%%%%%%%%%%%%%%%%

% FAA
@misc{FAA_UASintegration,
	title = {{FAA\textsc{\char13}s Approach to Unmanned Aircraft Systems (UAS) Concept Maturation, Validation \& Requirements Development}},
	author = {Magyarits, Sherri},
	year = {2015},
}

% EASA
@misc{A_NPA_EASA2015,
	title = {{Introduction of a regulatory framework for the operation of drones}},
	key = {EASA, Advance Notice of Proposed Amendment 2015-10},
	year = {2015},
}

% ICAO
@misc{ICAO_Circular,
	title = {{ICAO Cir 328, Unmanned Aircraft Systems (UAS)}},
	key = {ICAO},
	year = {2011},
}

@misc{UnmannedSystemsRoadmapDoD,
	title = {{Unmanned Systems Roadmap 2005 - 2030}},
	key = {Report of the Office of the Secretary of Defense, DoD},
	year = {2005},
}

@misc{ADDSAFE,
	key = {ADDSAFE},
	title = {{ADDSAFE FP7 Project}},
	howpublished = {\url{http://addsafe.deimos-space.com/}},
	year = {Accessed: 2016-07-09},
}

@misc{UAVreliabilityStudy,
	key = {Report of the Office of the Secretary of Defense, DoD},
	Title = {{Unmanned Aerial Vehicle Reliability Study}},
	Year = {2003},
}

@misc{RECONFIGURE,
	key = {RECONFIGURE},
	title = {{RECONFIGURE FP7 Project}},
	howpublished = {\url{reconfigure.deimos-space.com/}},
	year = {Accessed: 2016-07-19}
}
	
@misc{droneDisasters,
	Note = {[http://www.techrepublic.com/article/12-drone-disasters-that-show-why-the-faa-hates-drones/]},
	Title = {{12 drone disasters that show why the FAA hates drones}},
	Year = {March 20, 2015}}
}

@misc{hagenblad2004comparison,
  title={A comparison of two methods for stochastic fault detection: the parity space approach and principal component analysis},
  author={Hagenblad, Anna and Gustafsson, Fredrik and Klein, Inger},
  year={2004},
  publisher={Link{\"o}ping University Electronic Press}
}

% old name certificationOfFDD
@article{hu2015probabilistic,
  title={A probabilistic method for certification of analytically redundant systems},
  author={Hu, Bin and Seiler, Peter},
  journal={International Journal of Applied Mathematics and Computer Science},
  volume={25},
  number={1},
  pages={103--116},
  year={2015}
}

@book{clearanceOptimBased,
	Booktitle = {Lecture Notes in Control and Information Sciences},
	Editor = {A. Varga and A. Hansson and G. Puyou},
	Publisher = {Springer-Verlag},
	Title = {Optimization Based Clearance of Flight Control Laws},
	Volume = 416,
	Year = 2011}
}

@book{faultDetectionTolerance,
	Author = {R Isermann},
	Publisher = {Springer},
	Title = {Fault-Diagnosis Systems},
	Year = 2006}
}

@book{robustMultivariableFlightControl,
	Author = {R J Adams and J M Buffington and A G Sparks and S S Banda},
	Publisher = {Springer-Verlag},
	Title = {Robust Multivariable Flight Control},
	Year = 1994}
}

@book{RobustFlightControl,
	Booktitle = {Lecture Notes in Control and Information Sciences},
	Editor = {Jean-Francois Magni and Samir Bennani and Jan Terlouw},
	Publisher = {Springer-Verlag},
	Title = {Robust Flight Control},
	Volume = 224,
	Year = 2009}
}

@misc{nobelPrize,
	Author = {The Nobel Foundation},
	Howpublished = {\url{http://www.nobelprize.org/nobel_prizes/physics/laureates/1970/}},
	Note = {[Online; accessed 2015]},
	Title = {{nobelPrizes}},
	Year = {1970}}
}

@misc{Whomav,
	Author = {S. Roy},
	Note = {[issued on February 26, 2013]},
	Title = {{Wingless Hovering of Micro Air Vehicle (WHOMAV). United States Patent No. 8, 382,029}},
	Year = {2013}}
}

@inproceedings{ShuDQM,
	Address = {Swansea, UK},
	Author = {C. Shu and B. E. Richards},
	Booktitle = {Proceedings of 3rd Conference on Advances in Numerical Methods in Engineering: Theory and Applications},
	Pages = {978-985},
	Title = {High Resolution of Natural Convection in a Square Cavity by Generalized Differential Quadrature},
	Volume = {2},
	Year = 1990}
}

@article{schlechtingen2011comparative,
  title={Comparative analysis of neural network and regression based condition monitoring approaches for wind turbine fault detection},
  author={Schlechtingen, Meik and Santos, Ilmar Ferreira},
  journal={Mechanical systems and signal processing},
  volume={25},
  number={5},
  pages={1849--1875},
  year={2011},
  publisher={Elsevier}
}

@article{sun2005improved,
  title={An improved PCA method with application to boiler leak detection},
  author={Sun, Xi and Marquez, Horacio J and Chen, Tongwen and Riaz, Muhammad},
  journal={ISA transactions},
  volume={44},
  number={3},
  pages={379--397},
  year={2005},
  publisher={Elsevier}
}

@article{vapnik1964note,
  title={A note on one class of perceptrons},
  author={Vapnik, Vladimir and Chervonenkis, Alexey},
  journal={Automation and remote control},
  volume={25},
  number={1},
  pages={103},
  year={1964}
}

@inproceedings{boser1992training,
  title={A training algorithm for optimal margin classifiers},
  author={Boser, Bernhard E and Guyon, Isabelle M and Vapnik, Vladimir N},
  booktitle={Proceedings of the fifth annual workshop on Computational learning theory},
  pages={144--152},
  year={1992},
  organization={ACM}
}

@article{vapnik1995nature,
  title={The nature of statistical learning theory Springer New York Google Scholar},
  author={Vapnik, V},
  year={1995}
}

@article{laouti2011support,
  title={Support vector machines for fault detection in wind turbines},
  author={Laouti, Nassim and Sheibat-Othman, Nida and Othman, Sami},
  journal={IFAC Proceedings Volumes},
  volume={44},
  number={1},
  pages={7067--7072},
  year={2011},
  publisher={Elsevier}
}

@article{platt1999probabilistic,
  title={Probabilistic outputs for support vector machines and comparisons to regularized likelihood methods},
  author={Platt, John and others},
  journal={Advances in large margin classifiers},
  volume={10},
  number={3},
  pages={61--74},
  year={1999},
  publisher={Cambridge, MA}
}

@article{gunn1998support,
  title={Support vector machines for classification and regression},
  author={Gunn, Steve R and others},
  journal={ISIS technical report},
  volume={14},
  pages={85--86},
  year={1998}
}

@inproceedings{yin2014study,
  title={Study on support vector machine-based fault detection in tennessee eastman process},
  author={Yin, Shen and Gao, Xin and Karimi, Hamid Reza and Zhu, Xiangping},
  booktitle={Abstract and Applied Analysis},
  volume={2014},
  year={2014},
  organization={Hindawi Publishing Corporation}
}

@article{undertaking2017u,
  title={U-Space Blueprint},
  author={Undertaking, SESAR Joint},
  journal={web page, June},
  volume={9},
  year={2017}
}

@misc{SORA,
	title = {{JARUS guidelines on Specific Operations Risk Assessment(SORA)}},
	key = {Joint Authorities for Rulemaking of Unmanned Systems},
	year = {2017},
}

@misc{EASAopinion2018,
	title = {{Introduction of a regulatory framework for the operation of unmanned aircraft systems in the `open' and `specific' categories}},
	key = {European Aviation Safety Agency},
	year = {2018},
}

@misc{roadmapForIntelligentSystems,
	title = {{Roadmap for Intelligent Systems in Aerospace}},
	key = {American Institude of Aeronautics and Astronautics (AIAA)},
	year = {2016},
}

@misc{verificationAdaptiveSystems,
	title = {{Verification of Adaptive Systems}},
	key = {Federal Aviation Administration},
	year = {2016},
}


@book{isermann2006fault,
  title={Fault-diagnosis systems: an introduction from fault detection to fault tolerance},
  author={Isermann, Rolf},
  year={2006},
  publisher={Springer Science \& Business Media}
}

@inproceedings{etherington2017quantifying,
  title={Quantifying pilot contribution to flight safety during dual generator failure},
  author={Etherington, Timothy J and Kramer, Lynda J and Kennedy, Kellie D and Bailey, Randall E and Last, Mary Carolyn},
  booktitle={Digital Avionics Systems Conference (DASC), 2017 IEEE/AIAA 36th},
  pages={1--11},
  year={2017},
  organization={IEEE}
}

@article{platt1998sequential,
  title={Sequential minimal optimization: A fast algorithm for training support vector machines},
  author={Platt, John},
  year={1998}
}

@inproceedings{brisset2006paparazzi,
  title={The paparazzi solution},
  author={Brisset, Pascal and Drouin, Antoine and Gorraz, Michel and Huard, Pierre-Selim and Tyler, Jeremy},
  booktitle={MAV 2006, 2nd US-European competition and workshop on micro air vehicles},
  pages={pp--xxxx},
  year={2006}
}
